@misc{OmOss,
keywords = {omOss},
title = {{Om oss - ROCKWOOL}},
url = {https://www.rockwool.no/om-oss/},
urldate = {2018-11-18}
}
@book{FjeldstadogLunnan2018,
author = {{Fjeldstad og Lunnan}},
edition = {2},
keywords = {StrategiBok},
mendeley-tags = {StrategiBok},
publisher = {Fagbokforlaget},
title = {{Strategi}},
year = {2018}
}
@misc{DagbladetCO2,
keywords = {CO2},
title = {{CO2-avgiften m{\aa} {\o}kes - Dagbladet}},
url = {https://www.dagbladet.no/kultur/dagbladet-mener-co2-avgiften-ma-okes/70305954},
urldate = {2018-11-11}
}
@misc{Enova,
keywords = {omEnova},
title = {{Om Enova}},
url = {https://www.enova.no/om-enova/},
urldate = {2018-11-11}
}
@misc{BREEAM,
title = {{BREEAM-NOR – Norwegian Green Building Council}},
url = {https://ngbc.no/breeam-nor/},
urldate = {2018-11-10}
}
@article{Finansdepartementet2018,
abstract = {Avgift p{\aa} utslipp av klimagasser, herunder CO2-avgiften, er sammen med utslippskvoter myndighetens viktigste virkemidler for {\aa} sikre lavere utslipp av klimagasser.},
author = {Finansdepartementet},
keywords = {Skatter og avgifter},
month = {jun},
publisher = {regjeringen.no},
title = {{CO2-avgiften - Regjeringen}},
url = {https://www.regjeringen.no/no/tema/okonomi-og-budsjett/skatter-og-avgifter/veibruksavgift-pa-drivstoff/co2-avgiften/id2603484/},
year = {2018}
}
@misc{SSB nasjonalregnskap,
title = {{H{\o}ykonjunktur i sikte - SSB}},
url = {https://www.ssb.no/nasjonalregnskap-og-konjunkturer/artikler-og-publikasjoner/hoykonjunktur-i-sikte},
urldate = {2018-11-10}
}
@misc{Urbanisering,
title = {{Vi flytter til byene og vraker distriktene - Dagsavisen}},
url = {https://www.dagsavisen.no/innenriks/vi-flytter-til-byene-og-vraker-distriktene-1.1099412},
urldate = {2018-11-10}
}
@misc{,
title = {{Glava AS - Askim - Regnskap, Roller og mer - Proff}},
url = {https://www.proff.no/selskap/glava-as/askim/produsenter/IF2ZIGI016D/},
urldate = {2018-10-26}
}
@misc{ProffNokkeltall,
title = {{AS Rockwool - Oslo - Analyse - Proff}},
url = {https://www.proff.no/nokkeltall/as-rockwool/oslo/produsenter/IFA0UP3016D/},
urldate = {2018-10-26}
}
@misc{ProffRegnskap,
title = {{AS Rockwool - Oslo - Regnskap - Proff}},
url = {https://www.proff.no/regnskap/as-rockwool/oslo/produsenter/IFA0UP3016D/},
urldate = {2018-10-26}
}
@misc{ProffSelskap,
title = {{AS Rockwool - Oslo - Regnskap, Roller og mer - Proff}},
url = {https://www.proff.no/selskap/as-rockwool/oslo/produsenter/IFA0UP3016D/},
urldate = {2018-10-26}
}
@misc{,
title = {{Konsernet ROCKWOOL}},
url = {https://www.rockwool.no/om-oss/konsernet-rockwool/},
urldate = {2018-10-26}
}
@misc{,
title = {{Rockwool International - Wikipedia}},
url = {https://da.wikipedia.org/wiki/Rockwool{\_}International},
urldate = {2018-10-26}
}
@misc{,
title = {{Fra slagg til “Rockwool” - Mip}},
url = {http://www.mip.no/2016/fra-slagg-til-rockwool/},
urldate = {2018-10-26}
}
@misc{,
title = {{Rockwool kundehistorie - Mark-info}},
url = {https://www.mark-info.no/kunder/kundehistorier/rockwool-1.aspx},
urldate = {2018-10-26}
}
@misc{,
title = {{Kj{\o}p produkter fra ROCKWOOL - BAUHAUS}},
url = {https://www.bauhaus.no/varemerker/rockwool.html},
urldate = {2018-10-26}
}
@misc{,
title = {{Rockwool International - Store norske leksikon}},
url = {https://snl.no/Rockwool{\_}International},
urldate = {2018-10-26}
}
@book{Sogner2003,
author = {Sogner, Knut.},
isbn = {8276310745},
pages = {351},
publisher = {Messel},
title = {{Skaperkraft : Elkem gjennom 100 år : 1904-2004 - Store norske leksikon}},
url = {https://snl.no/Elkem{\_}ASA},
year = {2003}
}
@misc{,
title = {{Energieffektivisering: Rockwool skal varme opp Trondheim og Moss - Bellona.no}},
url = {http://bellona.no/nyheter/industri/industrielle-losninger/2016-10-17977},
urldate = {2018-10-06}
}
@misc{DagsavisenMoss,
title = {{Viktig for industribyen Moss - Dagsavisen}},
url = {https://www.dagsavisen.no/moss/lokalt/viktig-for-industribyen-moss-1.316778},
urldate = {2018-10-26}
}
@misc{,
title = {{Steike bra steinull - Tu.no}},
url = {https://www.tu.no/artikler/steike-bra-steinull/270878},
urldate = {2018-10-06}
}
@misc{,
title = {{Viktig for industribyen Moss - Dagsavisen}},
url = {https://www.dagsavisen.no/moss/lokalt/viktig-for-industribyen-moss-1.316778},
urldate = {2018-10-06}
}
